% This file was created with JabRef 2.10.
% Encoding: ISO8859_1


@InProceedings{bidan2013grasp,
  Title                    = {Learning a real time grasping strategy},
  Author                   = {Bidan Huang and El-Khoury, Sahar and Miao Li and Bryson, Joanna J. and Billard, Aude},
  Booktitle                = {Robotics and Automation (ICRA), 2013 IEEE International Conference on},
  Year                     = {2013},
  Pages                    = {593-600},

  Doi                      = {10.1109/ICRA.2013.6630634},
  ISSN                     = {1050-4729}
}

@comment{jabref-meta: selector_publisher:}

@comment{jabref-meta: selector_author:}

@comment{jabref-meta: selector_journal:}

@comment{jabref-meta: selector_keywords:}

